% use `texdoc biblatex` to get help
@www{zjuthesisrules,
    title = {浙江大学本科生毕业论文（设计）编写规则},
    author = {浙江大学本科生院},
    year = {2018},
    url = {http://bksy.zju.edu.cn/attachments/2018-01/01-1517384518-1149149.pdf},
}
@www{tikz,
    title = {tikz宏包},
    author = {Till Tantau},
    year = {2018},
    url = {https://sourceforge.net/projects/pgf/},
}
@www{zjuthesis,
    title = {浙江大学毕业设计/论文模板},
    author = {王子轩},
    year = {2019},
    url = {https://github.com/TheNetAdmin/zjuthesis},
}
@www{zjugradthesisrules,
    title = {浙江大学研究生学位论文编写规则},
    author = {浙江大学研究生院},
    year = {2008},
    url = {http://grs.zju.edu.cn/redir.php?catalog_id=10038&object_id=12877},
}
@article{flanagan2005dynamic,
  title={Dynamic partial-order reduction for model checking software},
  author={Flanagan, Cormac and Godefroid, Patrice},
  journal={ACM Sigplan Notices},
  volume={40},
  number={1},
  pages={110--121},
  year={2005},
  publisher={ACM New York, NY, USA}
}
@article{abdulla2014optimal,
  title={Optimal dynamic partial order reduction},
  author={Abdulla, Parosh and Aronis, Stavros and Jonsson, Bengt and Sagonas, Konstantinos},
  journal={ACM SIGPLAN Notices},
  volume={49},
  number={1},
  pages={373--384},
  year={2014},
  publisher={ACM New York, NY, USA}
}
@article{abdulla2019optimal,
  title={Optimal stateless model checking for reads-from equivalence under sequential consistency},
  author={Abdulla, Parosh Aziz and Atig, Mohamed Faouzi and Jonsson, Bengt and L{\aa}ng, Magnus and Ngo, Tuan Phong and Sagonas, Konstantinos},
  journal={Proceedings of the ACM on Programming Languages},
  volume={3},
  number={OOPSLA},
  pages={1--29},
  year={2019},
  publisher={ACM New York, NY, USA}
}
@inproceedings{jeong2019razzer,
  title={Razzer: Finding kernel race bugs through fuzzing},
  author={Jeong, Dae R and Kim, Kyungtae and Shivakumar, Basavesh and Lee, Byoungyoung and Shin, Insik},
  booktitle={2019 IEEE Symposium on Security and Privacy (SP)},
  pages={754--768},
  year={2019},
  organization={IEEE}
}
@inproceedings{chen2020muzz,
  title={$\{$MUZZ$\}$: Thread-aware grey-box fuzzing for effective bug hunting in multithreaded programs},
  author={Chen, Hongxu and Guo, Shengjian and Xue, Yinxing and Sui, Yulei and Zhang, Cen and Li, Yuekang and Wang, Haijun and Liu, Yang},
  booktitle={29th USENIX Security Symposium (USENIX Security 20)},
  pages={2325--2342},
  year={2020}
}
@inproceedings{xu2020krace,
  title={Krace: Data race fuzzing for kernel file systems},
  author={Xu, Meng and Kashyap, Sanidhya and Zhao, Hanqing and Kim, Taesoo},
  booktitle={2020 IEEE Symposium on Security and Privacy (SP)},
  pages={1643--1660},
  year={2020},
  organization={IEEE}
}
@inproceedings{jiang2022context,
  title={Context-sensitive and directional concurrency fuzzing for data-race detection},
  author={Jiang, Zu-Ming and Bai, Jia-Ju and Lu, Kangjie and Hu, Shi-Min},
  booktitle={Network and Distributed Systems Security (NDSS) Symposium 2022},
  year={2022}
}
@inproceedings{jeong2023segfuzz,
  title={SEGFUZZ: Segmentizing Thread Interleaving to Discover Kernel Concurrency Bugs through Fuzzing},
  author={Jeong, Dae R and Lee, Byoungyoung and Shin, Insik and Kwon, Youngjin},
  booktitle={2023 IEEE Symposium on Security and Privacy (SP)},
  pages={2104--2121},
  year={2023},
  organization={IEEE}
}
@inproceedings{yuan2023ddrace,
  title={DDRace: finding concurrency UAF vulnerabilities in Linux drivers with directed fuzzing},
  author={Yuan, Ming and Zhao, Bodong and Li, Penghui and Liang, Jiashuo and Han, Xinhui and Luo, Xiapu and Zhang, Chao},
  booktitle={32nd USENIX Security Symposium, USENIX Security 2023, Anaheim, CA, USA, August 9-11},
  year={2023}
}
@inproceedings{wolff2024greybox,
  title={Greybox Fuzzing for Concurrency Testing},
  author={Wolff, Dylan and Shi, Zheng and Duck, Gregory J and Mathur, Umang and Roychoudhury, Abhik},
  booktitle={Proceedings of the 29th ACM International Conference on Architectural Support for Programming Languages and Operating Systems, Volume 2},
  pages={482--498},
  year={2024}
}
@article{zhu2022fuzzing,
  title={Fuzzing: a survey for roadmap},
  author={Zhu, Xiaogang and Wen, Sheng and Camtepe, Seyit and Xiang, Yang},
  journal={ACM Computing Surveys (CSUR)},
  volume={54},
  number={11s},
  pages={1--36},
  year={2022},
  publisher={ACM New York, NY}
}
@article{burckhardt2010randomized,
  title={A randomized scheduler with probabilistic guarantees of finding bugs},
  author={Burckhardt, Sebastian and Kothari, Pravesh and Musuvathi, Madanlal and Nagarakatte, Santosh},
  journal={ACM SIGARCH Computer Architecture News},
  volume={38},
  number={1},
  pages={167--178},
  year={2010},
  publisher={ACM New York, NY, USA}
}
@inproceedings{nagarakatte2012multicore,
  title={Multicore acceleration of priority-based schedulers for concurrency bug detection},
  author={Nagarakatte, Santosh and Burckhardt, Sebastian and Martin, Milo MK and Musuvathi, Madanlal},
  booktitle={Proceedings of the 33rd ACM SIGPLAN conference on Programming Language Design and Implementation},
  pages={543--554},
  year={2012}
}
@inproceedings{yuan2018partial,
  title={Partial order aware concurrency sampling},
  author={Yuan, Xinhao and Yang, Junfeng and Gu, Ronghui},
  booktitle={Computer Aided Verification: 30th International Conference, CAV 2018, Held as Part of the Federated Logic Conference, FloC 2018, Oxford, UK, July 14-17, 2018, Proceedings, Part II 30},
  pages={317--335},
  year={2018},
  organization={Springer}
}
@inproceedings{sen2007effective,
  title={Effective random testing of concurrent programs},
  author={Sen, Koushik},
  booktitle={Proceedings of the 22nd IEEE/ACM international conference on Automated software engineering},
  pages={323--332},
  year={2007}
}
@inproceedings{yu2012maple,
  title={Maple: A coverage-driven testing tool for multithreaded programs},
  author={Yu, Jie and Narayanasamy, Satish and Pereira, Cristiano and Pokam, Gilles},
  booktitle={Proceedings of the ACM international conference on Object oriented programming systems languages and applications},
  pages={485--502},
  year={2012}
}
@inproceedings{wen2022controlled,
  title={Controlled concurrency testing via periodical scheduling},
  author={Wen, Cheng and He, Mengda and Wu, Bohao and Xu, Zhiwu and Qin, Shengchao},
  booktitle={Proceedings of the 44th International Conference on Software Engineering},
  pages={474--486},
  year={2022}
}
@book{sutton2007fuzzing,
  title={Fuzzing: brute force vulnerability discovery},
  author={Sutton, Michael and Greene, Adam and Amini, Pedram},
  year={2007},
  publisher={Pearson Education}
}
@article{manes2018fuzzing,
  title={Fuzzing: Art, science, and engineering},
  author={Manes, Valentin JM and Han, HyungSeok and Han, Choongwoo and Cha, Sang Kil and Egele, Manuel and Schwartz, Edward J and Woo, Maverick},
  journal={arXiv preprint arXiv:1812.00140},
  year={2018}
}
@inproceedings{gong2021snowboard,
  title={Snowboard: Finding kernel concurrency bugs through systematic inter-thread communication analysis},
  author={Gong, Sishuai and Altinb{\"u}ken, Deniz and Fonseca, Pedro and Maniatis, Petros},
  booktitle={Proceedings of the ACM SIGOPS 28th Symposium on Operating Systems Principles},
  pages={66--83},
  year={2021}
}
@inproceedings{duck2020binary,
  title={Binary rewriting without control flow recovery},
  author={Duck, Gregory J and Gao, Xiang and Roychoudhury, Abhik},
  booktitle={Proceedings of the 41st ACM SIGPLAN conference on programming language design and implementation},
  pages={151--163},
  year={2020}
}
@book{takanen2018fuzzing,
  title={Fuzzing for software security testing and quality assurance},
  author={Takanen, Ari and Demott, Jared D and Miller, Charles and Kettunen, Atte},
  year={2018},
  publisher={Artech House}
}
@inproceedings{pham2020aflnet,
  title={Aflnet: a greybox fuzzer for network protocols},
  author={Pham, Van-Thuan and B{\"o}hme, Marcel and Roychoudhury, Abhik},
  booktitle={2020 IEEE 13th International Conference on Software Testing, Validation and Verification (ICST)},
  pages={460--465},
  year={2020},
  organization={IEEE}
}
@inproceedings{fioraldi2020afl++,
  title={$\{$AFL++$\}$: Combining incremental steps of fuzzing research},
  author={Fioraldi, Andrea and Maier, Dominik and Ei{\ss}feldt, Heiko and Heuse, Marc},
  booktitle={14th USENIX Workshop on Offensive Technologies (WOOT 20)},
  year={2020}
}
@inproceedings{schwartz2010all,
  title={All you ever wanted to know about dynamic taint analysis and forward symbolic execution (but might have been afraid to ask)},
  author={Schwartz, Edward J and Avgerinos, Thanassis and Brumley, David},
  booktitle={2010 IEEE symposium on Security and privacy},
  pages={317--331},
  year={2010},
  organization={IEEE}
}
@article{cadar2013symbolic,
  title={Symbolic execution for software testing: three decades later},
  author={Cadar, Cristian and Sen, Koushik},
  journal={Communications of the ACM},
  volume={56},
  number={2},
  pages={82--90},
  year={2013},
  publisher={ACM New York, NY, USA}
}
@inproceedings{gan2020greyone,
  title={$\{$GREYONE$\}$: Data flow sensitive fuzzing},
  author={Gan, Shuitao and Zhang, Chao and Chen, Peng and Zhao, Bodong and Qin, Xiaojun and Wu, Dong and Chen, Zuoning},
  booktitle={29th USENIX security symposium (USENIX Security 20)},
  pages={2577--2594},
  year={2020}
}
@misc{githubGitHubMcimperialsctbench,
  author = {},
  title = {Sctbench: a set of {C}/{C}++ pthread benchmarks for evaluating concurrency testing techniques.},
  howpublished = {\url{https://github.com/mc-imperial/sctbench}},
  year = {},
  note = {[Accessed 19-05-2024]},
}
@inproceedings{cai2019detecting,
  title={Detecting concurrency memory corruption vulnerabilities},
  author={Cai, Yan and Zhu, Biyun and Meng, Ruijie and Yun, Hao and He, Liang and Su, Purui and Liang, Bin},
  booktitle={Proceedings of the 2019 27th ACM Joint Meeting on European Software Engineering Conference and Symposium on the Foundations of Software Engineering},
  pages={706--717},
  year={2019}
}
@article{yu2009case,
  title={A case for an interleaving constrained shared-memory multi-processor},
  author={Yu, Jie and Narayanasamy, Satish},
  journal={ACM SIGARCH Computer Architecture News},
  volume={37},
  number={3},
  pages={325--336},
  year={2009},
  publisher={ACM New York, NY, USA}
}
@inproceedings{jalbert2011radbench,
  title={$\{$RADBench$\}$: A Concurrency Bug Benchmark Suite},
  author={Jalbert, Nicholas and Pereira, Cristiano and Pokam, Gilles and Sen, Koushik},
  booktitle={3rd USENIX Workshop on Hot Topics in Parallelism (HotPar 11)},
  year={2011}
}
@inproceedings{kokologiannakis2019model,
  title={Model checking for weakly consistent libraries},
  author={Kokologiannakis, Michalis and Raad, Azalea and Vafeiadis, Viktor},
  booktitle={Proceedings of the 40th ACM SIGPLAN Conference on Programming Language Design and Implementation},
  pages={96--110},
  year={2019}
}
@inproceedings{kokologiannakis2021genmc,
  title={GenMC: A model checker for weak memory models},
  author={Kokologiannakis, Michalis and Vafeiadis, Viktor},
  booktitle={International Conference on Computer Aided Verification},
  pages={427--440},
  year={2021},
  organization={Springer}
}